@book{ARIMA,
    author = {Box, Jenkins},
    title = {Time Series Analysis: Forecasting and Control},
    publisher =  {San Francisco: Holden-Day},
    year = {1970}
}

@article{LSTM,
  title={Long short-term memory},
  author={S. Hochreiter, J. Schmidhuber},
  journal={Neural Computation},
  year={1997}
}

@article{ES,
  title={Exponential smoothing: The state of the art},
  author={Everette S. Gardner Jr.},
  year={1985},
  journal={Journal of Forecasting}
}

@article{Boyd,
  title={Multi-Period Trading via Convex Optimization},
  author={Stephen Boyd, Enzo Busseti, Steven Diamond and Ronald N. Kahn},
  year={2017},
  journal={Foundations and Trends in Optimization}
}

@article{vautard1992singular,
  title={Singular-spectrum analysis: A toolkit for short, noisy chaotic signals},
  author={Vautard, Robert and Yiou, Pascal and Ghil, Michael},
  journal={Physica D: Nonlinear Phenomena},
  volume={58},
  number={1-4},
  pages={95--126},
  year={1992},
  publisher={Elsevier}
}

@book{shawe2004kernel,
  title={Kernel methods for pattern analysis},
  author={Shawe-Taylor, John and Cristianini, Nello},
  year={2004},
  publisher={Cambridge university press}
}

@article{ghojogh2021reproducing,
  title={Reproducing Kernel Hilbert Space, Mercer's Theorem, Eigenfunctions, Nystr$\backslash$" om Method, and Use of Kernels in Machine Learning: Tutorial and Survey},
  author={Ghojogh, Benyamin and Ghodsi, Ali and Karray, Fakhri and Crowley, Mark},
  journal={arXiv preprint arXiv:2106.08443},
  year={2021}
}

@book{shumway2000time,
  title={Time series analysis and its applications},
  author={Shumway, Robert H and Stoffer, David S and Stoffer, David S},
  volume={3},
  year={2000},
  publisher={Springer}
}

@inproceedings{cirstea2018correlated,
  title={Correlated time series forecasting using multi-task deep neural networks},
  author={Cirstea, Razvan-Gabriel and Micu, Darius-Valer and Muresan, Gabriel-Marcel and Guo, Chenjuan and Yang, Bin},
  booktitle={Proceedings of the 27th acm international conference on information and knowledge management},
  pages={1527--1530},
  year={2018}
}

@article{corberan2011forecasting,
  title={Forecasting correlated time series with exponential smoothing models},
  author={Corber{\'a}n-Vallet, Ana and Berm{\'u}dez, Jos{\'e} D and Vercher, Enriqueta},
  journal={International Journal of Forecasting},
  volume={27},
  number={2},
  pages={252--265},
  year={2011},
  publisher={Elsevier}
}

@unpublished{dataset,
    title ={Цена на электричество в Германии.} ,
    note = {URL: http://svn.code.sf.net/p/
mlalgorithms/code/Group474/Uvarov2017SuperpositionForecasting/data/
electricity_price_german/GermanSpotPrice.csv} 
}
